@article{bezanson2017julia,
  title = {Julia: A fresh approach to numerical computing},
  author = {Jeff Bezanson and Alan Edelman and Stefan Karpinski and Viral B. Shah},
  journal = {SIAM review},
  volume = {59},
  number = {1},
  pages = {65--98},
  year = {2017},
  publisher = {SIAM},
}

@article{baker95_issues_numer_solut_evolut_delay_differ_equat,
  author = {Christopher T. H. Baker and Cristopher A. H. Paul and David R. Will{\'e}},
  title = {Issues in the Numerical Solution of Evolutionary Delay Differential Equations},
  journal = {Advances in Computational Mathematics},
  volume = {3},
  number = {1},
  pages = {171--196},
  year = {1995},
  doi = {10.1007/bf02988625},
  url = {https://doi.org/10.1007/bf02988625},
}

@book{bellen03_numer_methods_delay_differ_equat,
  doi = {10.1093/acprof:oso/9780198506546.001.0001},
  url = {https://doi.org/10.1093/acprof:oso/9780198506546.001.0001},
  year = {2003},
  month = {3},
  publisher = {Oxford University Press},
  author = {Alfredo Bellen and Marino Zennaro},
  title = {Numerical Methods for Delay Differential Equations},
}

@article{neves76_charact_jump_discont_state_depend,
  doi = {10.1016/0022-247x(76)90033-0},
  url = {https://doi.org/10.1016/0022-247x(76)90033-0},
  year = {1976},
  month = {12},
  publisher = {Elsevier {BV}},
  volume = {56},
  number = {3},
  pages = {689--707},
  author = {Kenneth W. Neves and Alan Feldstein},
  title = {Characterization of jump discontinuities for state dependent delay differential equations},
  journal = {Journal of Mathematical Analysis and Applications},
}

@article{DifferentialEquations.jl-2017,
  author = {Christopher Rackauckas and Qing Nie},
  doi = {10.5334/jors.151},
  journal = {The Journal of Open Research Software},
  keywords = {Applied Mathematics},
  note = {Exported from https://app.dimensions.ai on 2019/05/05},
  number = {1},
  pages = {},
  title = {{DifferentialEquations.jl} â€“ {A} Performant and Feature-Rich Ecosystem for Solving Differential Equations in Julia},
  url = {https://app.dimensions.ai/details/publication/pub.1085583166 and http://openresearchsoftware.metajnl.com/articles/10.5334/jors.151/galley/245/download/},
  volume = {5},
  year = {2017},
}

@article{rackauckas2017adaptive,
  title = {Adaptive methods for stochastic differential equations via natural embeddings and rejection sampling with memory},
  author = {Christopher Rackauckas and Qing Nie},
  journal = {Discrete and continuous dynamical systems. Series B},
  volume = {22},
  number = {7},
  pages = {2731},
  year = {2017},
  publisher = {NIH Public Access},
}

@article{shampine01_solving_ddes_matlab,
  doi = {10.1016/s0168-9274(00)00055-6},
  url = {https://doi.org/10.1016/s0168-9274(00)00055-6},
  year = {2001},
  month = {6},
  publisher = {Elsevier {BV}},
  volume = {37},
  number = {4},
  pages = {441--458},
  author = {Lawrence F. Shampine and Sylvester Thompson},
  title = {Solving {DDEs} in {Matlab}},
  journal = {Applied Numerical Mathematics},
}

@article{waltman78_threshold_model_antigen,
  author = {Paul Waltman},
  title = {A threshold model of antigen-stimulated antibody production},
  journal = {Theoretical Immunology},
  series = 8,
  pages = {437--453},
  year = 1978,
}

@article{guglielmi01_implementing_radau,
  doi = {10.1007/s006070170013},
  url = {https://doi.org/10.1007/s006070170013},
  year = {2001},
  month = {07},
  publisher = {Springer Science and Business Media {LLC}},
  volume = {67},
  number = {1},
  pages = {1--12},
  author = {Nicola Guglielmi and Ernst Hairer},
  title = {Implementing {Radau} {IIA} Methods for Stiff Delay Differential Equations},
  journal = {Computing},
}

@article{walker11_anderson_acceleration_fixed_point,
  doi = {10.1137/10078356x},
  url = {https://doi.org/10.1137/10078356x},
  year = {2011},
  month = {1},
  publisher = {Society for Industrial {\&} Applied Mathematics ({SIAM})},
  volume = {49},
  number = {4},
  pages = {1715--1735},
  author = {Homer F. Walker and Peng Ni},
  title = {Anderson Acceleration for Fixed-Point Iterations},
  journal = {{SIAM} Journal on Numerical Analysis},
}

@article{anderson65_iterative_procedures,
  doi = {10.1145/321296.321305},
  url = {https://doi.org/10.1145/321296.321305},
  year = {1965},
  month = {10},
  publisher = {Association for Computing Machinery ({ACM})},
  volume = {12},
  number = {4},
  pages = {547--560},
  author = {Donald G. Anderson},
  title = {Iterative Procedures for Nonlinear Integral Equations},
  journal = {Journal of the {ACM}},
}

@article{hutchinson48_circul_causal_system_in_ecolog,
  author = {G. Evelyn Hutchinson},
  title = {Circular Causal Systems in Ecology},
  journal = {Annals of the New York Academy of Sciences},
  volume = {50},
  number = {4 Teleological},
  pages = {221--246},
  year = {1948},
  doi = {10.1111/j.1749-6632.1948.tb39854.x},
  url = {https://doi.org/10.1111/j.1749-6632.1948.tb39854.x},
}

@techreport{dahlquist75_recent_work_stiff,
  title = {Recent work on stiff differential equations},
  author = {Germund Dahlquist},
  year = {1975},
  institution = {CM-P00069399},
}

@book{burrage95_parallel_sequential_methods,
  author = {Kevin Burrage},
  year = {1995},
  title = {Parallel and sequential methods for ordinary differential equations},
  publisher = {Clarendon Press},
  address = {Oxford},
  isbn = {9780198534327;0198534329;},
}

@article{sykora2020stochasticdelaydiffeq,
  title = {{StochasticDelayDiffeq.jl} - {A}n Integrator Interface for Stochastic Delay Differential Equations in {Julia}},
  author = {Henrik T. Sykora and Christopher Rackauckas and David Widmann and D{\'a}niel Bachrathy},
  year = {2020},
  url = {https://enoc2020.sciencesconf.org/306002/document}
}

@article{glass79,
  author = {Leon Glass and Michael C. Mackey},
  title = {Pathological conditions resulting from instabilities in physiological control systems},
  journal = {Annals of the New York Academy of Sciences},
  publisher = {Wiley},
  volume = {316},
  number = {1},
  pages = {214--235},
  year = {1979},
}

@article{BuddrusSchiemann2014,
  doi = {10.1007/s00216-014-8063-6},
  url = {https://doi.org/10.1007/s00216-014-8063-6},
  year = {2014},
  month = aug,
  publisher = {Springer Science and Business Media {LLC}},
  volume = {406},
  number = {25},
  pages = {6373--6383},
  author = {Katharina Buddrus-Schiemann and Martin Rieger and Marlene M\"{u}hlbauer and Maria Vittoria Barbarossa and Christina Kuttler and Burkhard A. Hense and Michael Rothballer and Jenny Uhl and Juliano R. Fonseca and Philippe Schmitt-Kopplin and Michael Schmid and Anton Hartmann},
  title = {Analysis of \emph{N}-acylhomoserine lactone dynamics in continuous cultures of \emph{Pseudomonas putida} {IsoF} by use of {ELISA} and {UHPLC}/{qTOF}-{MS}-derived measurements and mathematical models},
  journal = {Analytical and Bioanalytical Chemistry},
}
